@article{mcculloch1943logical,
  title={A logical calculus of the ideas immanent in nervous activity},
  author={McCulloch, Warren S and Pitts, Walter},
  journal={The bulletin of mathematical biophysics},
  volume={5},
  number={4},
  pages={115--133},
  year={1943},
  publisher={Springer}
}

@article{werbos1974beyond,
  title={Beyond regression: new tools for prediction and analysis in the behavioral sciences},
  author={Werbos, Paul},
  journal={Ph. D. dissertation, Harvard University},
  year={1974}
}

@article{csaji2001approximation,
  title={Approximation with artificial neural networks},
  author={Cs{\'a}ji, Bal{\'a}zs Csan{\'a}d and others},
  journal={Faculty of Sciences, Etvs Lornd University, Hungary},
  volume={24},
  number={48},
  pages={7},
  year={2001},
  publisher={Citeseer}
}

@article{rosenblatt1958perceptron,
  title={The perceptron: a probabilistic model for information storage and organization in the brain.},
  author={Rosenblatt, Frank},
  journal={Psychological review},
  volume={65},
  number={6},
  pages={386},
  year={1958},
  publisher={American Psychological Association}
}

@article{hochreiter1991untersuchungen,
  title={Untersuchungen zu dynamischen neuronalen Netzen},
  author={Hochreiter, Sepp},
  journal={Diploma, Technische Universit{\"a}t M{\"u}nchen},
  volume={91},
  number={1},
  year={1991}
}

@article{werbos1988generalization,
  title={Generalization of backpropagation with application to a recurrent gas market model},
  author={Werbos, Paul J},
  journal={Neural networks},
  volume={1},
  number={4},
  pages={339--356},
  year={1988},
  publisher={Elsevier}
}

@article{schuster1997bidirectional,
  title={Bidirectional recurrent neural networks},
  author={Schuster, Mike and Paliwal, Kuldip K},
  journal={IEEE transactions on Signal Processing},
  volume={45},
  number={11},
  pages={2673--2681},
  year={1997},
  publisher={Ieee}
}

@article{hochreiter1997long,
  title={Long short-term memory},
  author={Hochreiter, Sepp and Schmidhuber, J{\"u}rgen},
  journal={Neural computation},
  volume={9},
  number={8},
  pages={1735--1780},
  year={1997},
  publisher={MIT Press}
}

@inproceedings{sutskever2014sequence,
  title={Sequence to sequence learning with neural networks},
  author={Sutskever, Ilya and Vinyals, Oriol and Le, Quoc V},
  booktitle={Advances in neural information processing systems},
  pages={3104--3112},
  year={2014}
}

@article{bahdanau2014neural,
  title={Neural machine translation by jointly learning to align and translate},
  author={Bahdanau, Dzmitry and Cho, Kyunghyun and Bengio, Yoshua},
  journal={arXiv preprint arXiv:1409.0473},
  year={2014}
}

@inproceedings{vaswani2017attention,
  title={Attention is all you need},
  author={Vaswani, Ashish and Shazeer, Noam and Parmar, Niki and Uszkoreit, Jakob and Jones, Llion and Gomez, Aidan N and Kaiser, {\L}ukasz and Polosukhin, Illia},
  booktitle={Advances in neural information processing systems},
  pages={5998--6008},
  year={2017}
}

@article{mitra2000information,
  title={Information retrieval from documents: A survey},
  author={Mitra, Mandar and Chaudhuri, BB},
  journal={Information retrieval},
  volume={2},
  number={2},
  pages={141--163},
  year={2000},
  publisher={Springer}
}

@article{kalchbrenner2016neural,
  title={Neural machine translation in linear time},
  author={Kalchbrenner, Nal and Espeholt, Lasse and Simonyan, Karen and Oord, Aaron van den and Graves, Alex and Kavukcuoglu, Koray},
  journal={arXiv preprint arXiv:1610.10099},
  year={2016}
}

@inproceedings{gehring2017convolutional,
  title={Convolutional sequence to sequence learning},
  author={Gehring, Jonas and Auli, Michael and Grangier, David and Yarats, Denis and Dauphin, Yann N},
  booktitle={International Conference on Machine Learning},
  pages={1243--1252},
  year={2017},
  organization={PMLR}
}

@article{ba2016layer,
  title={Layer normalization},
  author={Ba, Jimmy Lei and Kiros, Jamie Ryan and Hinton, Geoffrey E},
  journal={arXiv preprint arXiv:1607.06450},
  year={2016}
}

@inproceedings{mikolov2013distributed,
  title={Distributed representations of words and phrases and their compositionality},
  author={Mikolov, Tomas and Sutskever, Ilya and Chen, Kai and Corrado, Greg S and Dean, Jeff},
  booktitle={Advances in neural information processing systems},
  pages={3111--3119},
  year={2013}
}

@article{camacho2018word,
  title={From word to sense embeddings: A survey on vector representations of meaning},
  author={Camacho-Collados, Jose and Pilehvar, Mohammad Taher},
  journal={Journal of Artificial Intelligence Research},
  volume={63},
  pages={743--788},
  year={2018}
}

@article{miller1995wordnet,
  title={WordNet: a lexical database for English},
  author={Miller, George A},
  journal={Communications of the ACM},
  volume={38},
  number={11},
  pages={39--41},
  year={1995},
  publisher={ACM New York, NY, USA}
}

@article{peters2018deep,
  title={Deep contextualized word representations},
  author={Peters, Matthew E and Neumann, Mark and Iyyer, Mohit and Gardner, Matt and Clark, Christopher and Lee, Kenton and Zettlemoyer, Luke},
  journal={arXiv preprint arXiv:1802.05365},
  year={2018}
}

@book{Goodfellow-et-al-2016,
    title={Deep Learning},
    author={Ian Goodfellow and Yoshua Bengio and Aaron Courville},
    publisher={MIT Press},
    note={\url{http://www.deeplearningbook.org}},
    year={2016}
}

@article{devlin2018bert,
  title={{BERT}: Pre-training of deep bidirectional transformers for language understanding},
  author={Devlin, Jacob and Chang, Ming-Wei and Lee, Kenton and Toutanova, Kristina},
  journal={arXiv preprint arXiv:1810.04805},
  year={2018}
}

@article{lewis2019bart,
  title={{BART}: Denoising sequence-to-sequence pre-training for natural language generation, translation, and comprehension},
  author={Lewis, Mike and Liu, Yinhan and Goyal, Naman and Ghazvininejad, Marjan and Mohamed, Abdelrahman and Levy, Omer and Stoyanov, Ves and Zettlemoyer, Luke},
  journal={arXiv preprint arXiv:1910.13461},
  year={2019}
}

@article{dai2015semi,
  title={Semi-supervised sequence learning},
  author={Dai, Andrew M and Le, Quoc V},
  journal={Advances in neural information processing systems},
  volume={28},
  pages={3079--3087},
  year={2015}
}

@article{howard2018universal,
  title={Universal language model fine-tuning for text classification},
  author={Howard, Jeremy and Ruder, Sebastian},
  journal={arXiv preprint arXiv:1801.06146},
  year={2018}
}

@inproceedings{radford2018improving,
  title={Improving language understanding by generative pre-training},
  author={Radford, Alec and Narasimhan, Karthik and Salimans, Tim and Sutskever, Ilya},
  year={2018}
}

@inproceedings{ryan2017grimes,
  title={Grimesâ€™ fairy tales: a 1960s story generator},
  author={Ryan, James},
  booktitle={International Conference on Interactive Digital Storytelling},
  pages={89--103},
  year={2017},
  organization={Springer}
}

@incollection{rumelhart1975notes,
  title={Notes on a schema for stories},
  author={Rumelhart, David E},
  booktitle={Representation and understanding},
  pages={211--236},
  year={1975},
  publisher={Elsevier}
}

@article{thorndyke1977cognitive,
  title={Cognitive structures in comprehension and memory of narrative discourse},
  author={Thorndyke, Perry W},
  journal={Cognitive psychology},
  volume={9},
  number={1},
  pages={77--110},
  year={1977},
  publisher={Elsevier}
}

@article{wilensky1983story,
  title={Story grammars versus story points},
  author={Wilensky, Robert},
  journal={Behavioral and Brain Sciences},
  volume={6},
  number={4},
  pages={579--591},
  year={1983},
  publisher={Cambridge University Press}
}

@inproceedings{herrera2020automatic,
  title={Automatic Story Generation: State of the Art and Recent Trends},
  author={Herrera-Gonz{\'a}lez, Brian Daniel and Gelbukh, Alexander and Calvo, Hiram},
  booktitle={Mexican International Conference on Artificial Intelligence},
  pages={81--91},
  year={2020},
  organization={Springer}
}

@inproceedings{meehan1977tale,
  title={{TALE-SPIN}, An Interactive Program that Writes Stories.},
  author={Meehan, James R},
  booktitle={Ijcai},
  volume={77},
  pages={9198},
  year={1977}
}

@article{lebowitz1984creating,
  title={Creating characters in a story-telling universe},
  author={Lebowitz, Michael},
  journal={Poetics},
  volume={13},
  number={3},
  pages={171--194},
  year={1984},
  publisher={Elsevier}
}

@article{lebowitz1985story,
  title={Story-telling as planning and learning},
  author={Lebowitz, Michael},
  journal={Poetics},
  volume={14},
  number={6},
  pages={483--502},
  year={1985},
  publisher={Elsevier}
}

@inproceedings{porteous2009controlling,
  title={Controlling narrative generation with planning trajectories: the role of constraints},
  author={Porteous, Julie and Cavazza, Marc},
  booktitle={Joint International Conference on Interactive Digital Storytelling},
  pages={234--245},
  year={2009},
  organization={Springer}
}

@article{riedl2010narrative,
  title={Narrative planning: Balancing plot and character},
  author={Riedl, Mark O and Young, Robert Michael},
  journal={Journal of Artificial Intelligence Research},
  volume={39},
  pages={217--268},
  year={2010}
}

@article{cavazza2002character,
  title={Character-based interactive storytelling},
  author={Cavazza, Marc and Charles, Fred and Mead, Steven J},
  journal={IEEE Intelligent systems},
  volume={17},
  number={4},
  pages={17--24},
  year={2002},
  publisher={IEEE}
}

@inproceedings{cavazza2009emotional,
author = {Cavazza, Marc and Pizzi, David and Charles, Fred and Vogt, Thurid and Andr\'{e}, Elisabeth},
title = {Emotional Input for Character-Based Interactive Storytelling},
year = {2009},
isbn = {9780981738161},
publisher = {International Foundation for Autonomous Agents and Multiagent Systems},
address = {Richland, SC},
booktitle = {Proceedings of The 8th International Conference on Autonomous Agents and Multiagent Systems - Volume 1},
pages = {313â€“320},
numpages = {8},
keywords = {embodied conversational agents, interactive narrative, affective interfaces},
location = {Budapest, Hungary},
series = {AAMAS '09}
}

@inproceedings{hou2019survey,
  title={A survey of deep learning applied to story generation},
  author={Hou, Chenglong and Zhou, Chensong and Zhou, Kun and Sun, Jinan and Xuanyuan, Sisi},
  booktitle={International Conference on Smart Computing and Communication},
  pages={1--10},
  year={2019},
  organization={Springer}
}

@article{alhussain2021automatic,
  title={Automatic Story Generation: A Survey of Approaches},
  author={Alhussain, Arwa I and Azmi, Aqil M},
  journal={ACM Computing Surveys (CSUR)},
  volume={54},
  number={5},
  pages={1--38},
  year={2021},
  publisher={ACM New York, NY, USA}
}

@book{schank2013scripts,
  title={Scripts, plans, goals, and understanding: An inquiry into human knowledge structures},
  author={Schank, Roger C and Abelson, Robert P},
  year={2013},
  publisher={Psychology Press}
}

@book{propp1968morphology,
  title={Morphology of the Folktale},
  author={Propp, Vladimir Iakovlevich},
  volume={9},
  year={1968},
  publisher={University of Texas Press}
}

@inproceedings{dehn1981story,
  title={Story Generation After TALE-SPIN.},
  author={Dehn, Natlie},
  booktitle={IJCAI},
  volume={81},
  pages={16--18},
  year={1981},
  organization={Citeseer}
}

@article{zhu2013shall,
  title={Shall I compare thee to another story?â€”An empirical study of analogy-based story generation},
  author={Zhu, Jichen and Onta{\~n}{\'o}n, Santiago},
  journal={IEEE Transactions on Computational Intelligence and AI in Games},
  volume={6},
  number={2},
  pages={216--227},
  year={2013},
  publisher={IEEE}
}

@phdthesis{turner1993minstrel,
  title={{MINSTREL}: a computer model of creativity and storytelling},
  author={Turner, Scott R},
  year={1993},
  school={University of California, Los Angeles}
}

@article{perez2001mexica,
  title={MEXICA: A computer model of a cognitive account of creative writing},
  author={P{\'e}rez, Rafael P{\'e}rez {\'Y} and Sharples, Mike},
  journal={Journal of Experimental \& Theoretical Artificial Intelligence},
  volume={13},
  number={2},
  pages={119--139},
  year={2001},
  publisher={Taylor \& Francis}
}

@inproceedings{ong2004genetic,
  title={A genetic algorithm approach to interactive narrative generation},
  author={Ong, TeongJoo and Leggett, John J},
  booktitle={Proceedings of the fifteenth ACM conference on Hypertext and hypermedia},
  pages={181--182},
  year={2004}
}

@inproceedings{mcintyre2010plot,
  title={Plot induction and evolutionary search for story generation},
  author={McIntyre, Neil and Lapata, Mirella},
  booktitle={Proceedings of the 48th Annual Meeting of the Association for Computational Linguistics},
  pages={1562--1572},
  year={2010}
}

@inproceedings{martin2018event,
  title={Event representations for automated story generation with deep neural nets},
  author={Martin, Lara and Ammanabrolu, Prithviraj and Wang, Xinyu and Hancock, William and Singh, Shruti and Harrison, Brent and Riedl, Mark},
  booktitle={Proceedings of the AAAI Conference on Artificial Intelligence},
  volume={32},
  year={2018}
}

@article{xu2018skeleton,
  title={A skeleton-based model for promoting coherence among sentences in narrative story generation},
  author={Xu, Jingjing and Ren, Xuancheng and Zhang, Yi and Zeng, Qi and Cai, Xiaoyan and Sun, Xu},
  journal={arXiv preprint arXiv:1808.06945},
  year={2018}
}

@article{fan2018hierarchical,
  title={Hierarchical neural story generation},
  author={Fan, Angela and Lewis, Mike and Dauphin, Yann},
  journal={arXiv preprint arXiv:1805.04833},
  year={2018}
}

@inproceedings{yao2019plan,
  title={Plan-and-write: Towards better automatic storytelling},
  author={Yao, Lili and Peng, Nanyun and Weischedel, Ralph and Knight, Kevin and Zhao, Dongyan and Yan, Rui},
  booktitle={Proceedings of the AAAI Conference on Artificial Intelligence},
  volume={33},
  pages={7378--7385},
  year={2019}
}

@inproceedings{choi2016recurrent,
  title={Recurrent neural network for storytelling},
  author={Choi, YunSeok and Kim, SuAh and Lee, Jee-Hyong},
  booktitle={2016 Joint 8th International Conference on Soft Computing and Intelligent Systems (SCIS) and 17th International Symposium on Advanced Intelligent Systems (ISIS)},
  pages={841--845},
  year={2016},
  organization={IEEE}
}

@inproceedings{harrison2017toward,
  title={Toward automated story generation with markov chain monte carlo methods and deep neural networks},
  author={Harrison, Brent and Purdy, Christopher and Riedl, Mark O},
  booktitle={Thirteenth Artificial Intelligence and Interactive Digital Entertainment Conference},
  year={2017}
}

@inproceedings{yu2020draft,
  title={Draft and edit: Automatic storytelling through multi-pass hierarchical conditional variational autoencoder},
  author={Yu, Meng-Hsuan and Li, Juntao and Liu, Danyang and Zhao, Dongyan and Yan, Rui and Tang, Bo and Zhang, Haisong},
  booktitle={Proceedings of the AAAI Conference on Artificial Intelligence},
  volume={34},
  pages={1741--1748},
  year={2020}
}

@inproceedings{ammanabrolu2020story,
  title={Story realization: Expanding plot events into sentences},
  author={Ammanabrolu, Prithviraj and Tien, Ethan and Cheung, Wesley and Luo, Zhaochen and Ma, William and Martin, Lara J and Riedl, Mark O},
  booktitle={Proceedings of the AAAI Conference on Artificial Intelligence},
  volume={34},
  pages={7375--7382},
  year={2020}
}

@inproceedings{ammanabrolu2019guided,
  title={Guided neural language generation for automated storytelling},
  author={Ammanabrolu, Prithviraj and Tien, Ethan and Cheung, Wesley and Luo, Zhaochen and Ma, William and Martin, Lara and Riedl, Mark},
  booktitle={Proceedings of the Second Workshop on Storytelling},
  pages={46--55},
  year={2019}
}

@article{fan2019strategies,
  title={Strategies for structuring story generation},
  author={Fan, Angela and Lewis, Mike and Dauphin, Yann},
  journal={arXiv preprint arXiv:1902.01109},
  year={2019}
}

@inproceedings{zhai2019hybrid,
  title={A hybrid model for globally coherent story generation},
  author={Zhai, Fangzhou and Demberg, Vera and Shkadzko, Pavel and Shi, Wei and Sayeed, Asad},
  booktitle={Proceedings of the Second Workshop on Storytelling},
  pages={34--45},
  year={2019}
}

@inproceedings{huang2016visual,
  title={Visual storytelling},
  author={Huang, Ting-Hao and Ferraro, Francis and Mostafazadeh, Nasrin and Misra, Ishan and Agrawal, Aishwarya and Devlin, Jacob and Girshick, Ross and He, Xiaodong and Kohli, Pushmeet and Batra, Dhruv and others},
  booktitle={Proceedings of the 2016 Conference of the North American Chapter of the Association for Computational Linguistics: Human Language Technologies},
  pages={1233--1239},
  year={2016}
}

@article{wang2018no,
  title={No metrics are perfect: Adversarial reward learning for visual storytelling},
  author={Wang, Xin and Chen, Wenhu and Wang, Yuan-Fang and Wang, William Yang},
  journal={arXiv preprint arXiv:1804.09160},
  year={2018}
}

@article{kim2018glac,
  title={Glac net: Glocal attention cascading networks for multi-image cued story generation},
  author={Kim, Taehyeong and Heo, Min-Oh and Son, Seonil and Park, Kyoung-Wha and Zhang, Byoung-Tak},
  journal={arXiv preprint arXiv:1805.10973},
  year={2018}
}

@inproceedings{mostafazadeh2016caters,
  title={CaTeRS: Causal and temporal relation scheme for semantic annotation of event structures},
  author={{Mostafazadeh}, Nasrin and Grealish, Alyson and Chambers, Nathanael and Allen, James and Vanderwende, Lucy},
  booktitle={Proceedings of the Fourth Workshop on Events},
  pages={51--61},
  year={2016}
}

@article{jain2017story,
  title={Story generation from sequence of independent short descriptions},
  author={Jain, Parag and Agrawal, Priyanka and Mishra, Abhijit and Sukhwani, Mohak and Laha, Anirban and Sankaranarayanan, Karthik},
  journal={arXiv preprint arXiv:1707.05501},
  year={2017}
}

@inproceedings{zhao2018plots,
  title={From plots to endings: A reinforced pointer generator for story ending generation},
  author={Zhao, Yan and Liu, Lu and Liu, Chunhua and Yang, Ruoyao and Yu, Dong},
  booktitle={CCF International Conference on Natural Language Processing and Chinese Computing},
  pages={51--63},
  year={2018},
  organization={Springer}
}

@inproceedings{guan2019story,
  title={Story ending generation with incremental encoding and commonsense knowledge},
  author={Guan, Jian and Wang, Yansen and Huang, Minlie},
  booktitle={Proceedings of the AAAI Conference on Artificial Intelligence},
  volume={33},
  pages={6473--6480},
  year={2019}
}

@inproceedings{hu2017happens,
  title={What happens next? future subevent prediction using contextual hierarchical lstm},
  author={Hu, Linmei and Li, Juanzi and Nie, Liqiang and Li, Xiao-Li and Shao, Chao},
  booktitle={Thirty-First AAAI Conference on Artificial Intelligence},
  year={2017}
}

@inproceedings{clark2018creative,
  title={Creative writing with a machine in the loop: Case studies on slogans and stories},
  author={Clark, Elizabeth and Ross, Anne Spencer and Tan, Chenhao and Ji, Yangfeng and Smith, Noah A},
  booktitle={23rd International Conference on Intelligent User Interfaces},
  pages={329--340},
  year={2018}
}

@article{goldfarb2019plan,
  title={Plan, write, and revise: an interactive system for open-domain story generation},
  author={Goldfarb-Tarrant, Seraphina and Feng, Haining and Peng, Nanyun},
  journal={arXiv preprint arXiv:1904.02357},
  year={2019}
}

@misc{welsch1998history,
  title={History as Complex Storytelling},
  author={Welsch, Kathleen A},
  year={1998},
  publisher={JSTOR}
}

@book{clottes2003chauvet,
  title={Chauvet cave: The art of earliest times},
  author={Clottes, Jean},
  year={2003},
  publisher={University of Utah Press}
}

@article{colton2009computational,
  title={Computational creativity: Coming of age},
  author={Colton, Simon and De M{\'a}ntaras, Ramon L{\'o}pez and Stock, Oliviero},
  journal={AI Magazine},
  volume={30},
  number={3},
  pages={11--11},
  year={2009}
}

@article{bommasani2021opportunities,
  title={On the Opportunities and Risks of Foundation Models},
  author={Bommasani, Rishi and Hudson, Drew A and Adeli, Ehsan and Altman, Russ and Arora, Simran and von Arx, Sydney and Bernstein, Michael S and Bohg, Jeannette and Bosselut, Antoine and Brunskill, Emma and others},
  journal={arXiv preprint arXiv:2108.07258},
  year={2021}
}

@inproceedings{zhu2017unpaired,
  title={Unpaired image-to-image translation using cycle-consistent adversarial networks},
  author={Zhu, Jun-Yan and Park, Taesung and Isola, Phillip and Efros, Alexei A},
  booktitle={Proceedings of the IEEE international conference on computer vision},
  pages={2223--2232},
  year={2017}
}

@article{brislin1970back,
  title={Back-translation for cross-cultural research},
  author={Brislin, Richard W},
  journal={Journal of cross-cultural psychology},
  volume={1},
  number={3},
  pages={185--216},
  year={1970},
  publisher={Sage Publications Sage CA: Thousand Oaks, CA}
}

@article{he2016dual,
  title={Dual learning for machine translation},
  author={He, Di and Xia, Yingce and Qin, Tao and Wang, Liwei and Yu, Nenghai and Liu, Tie-Yan and Ma, Wei-Ying},
  journal={Advances in neural information processing systems},
  volume={29},
  pages={820--828},
  year={2016}
}

@article{raffel2019exploring,
  title={Exploring the limits of transfer learning with a unified text-to-text transformer},
  author={Raffel, Colin and Shazeer, Noam and Roberts, Adam and Lee, Katherine and Narang, Sharan and Matena, Michael and Zhou, Yanqi and Li, Wei and Liu, Peter J},
  journal={arXiv preprint arXiv:1910.10683},
  year={2019}
}

@article{kong2021stylized,
  title={Stylized Story Generation with Style-Guided Planning},
  author={Kong, Xiangzhe and Huang, Jialiang and Tung, Ziquan and Guan, Jian and Huang, Minlie},
  journal={arXiv preprint arXiv:2105.08625},
  year={2021}
}

@article{brahman2020modeling,
  title={Modeling protagonist emotions for emotion-aware storytelling},
  author={Brahman, Faeze and Chaturvedi, Snigdha},
  journal={arXiv preprint arXiv:2010.06822},
  year={2020}
}

@article{yu2021sentence,
  title={Sentence-Permuted Paragraph Generation},
  author={Yu, Wenhao and Zhu, Chenguang and Zhao, Tong and Guo, Zhichun and Jiang, Meng},
  journal={arXiv preprint arXiv:2104.07228},
  year={2021}
}

@article{guan2021long,
  title={Long Text Generation by Modeling Sentence-Level and Discourse-Level Coherence},
  author={Guan, Jian and Mao, Xiaoxi and Fan, Changjie and Liu, Zitao and Ding, Wenbiao and Huang, Minlie},
  journal={arXiv preprint arXiv:2105.08963},
  year={2021}
}

@article{robertson2003using,
  title={Using a collaborative virtual role-play environment to foster characterisation in stories},
  author={Robertson, Judy and Good, Judith},
  journal={Journal of Interactive Learning Research},
  volume={14},
  number={1},
  pages={5--29},
  year={2003},
  publisher={Association for the Advancement of Computing in Education (AACE)}
}

@inproceedings{halpin2004towards,
  title={Towards automated story analysis using participatory design},
  author={Halpin, Harry and Moore, Johanna D and Robertson, Judy},
  booktitle={Proceedings of the 1st ACM workshop on Story representation, mechanism and context},
  pages={75--83},
  year={2004}
}

@mastersthesis{griffith2018procedural,
  title={Procedural narrative generation through emotionally interesting non-player characters},
  author={Griffith, Ioseff},
  school={Linnaeus University},
  year={2018}
}

@phdthesis{martin2021neurosymbolic,
  title={Neurosymbolic Automated Story Generation},
  author={Martin, Lara Jean},
  year={2021},
  school={Georgia Institute of Technology}
}

@article{baziotis2019seq,
  title={{SEQ}3: Differentiable Sequence-to-Sequence-to-Sequence Autoencoder for Unsupervised Abstractive Sentence Compression},
  author={Baziotis, Christos and Androutsopoulos, Ion and Konstas, Ioannis and Potamianos, Alexandros},
  journal={arXiv preprint arXiv:1904.03651},
  year={2019}
}

@article{jang2016categorical,
  title={Categorical reparameterization with gumbel-softmax},
  author={Jang, Eric and Gu, Shixiang and Poole, Ben},
  journal={arXiv preprint arXiv:1611.01144},
  year={2016}
}

@article{goyal2017differentiable,
  title={Differentiable scheduled sampling for credit assignment},
  author={Goyal, Kartik and Dyer, Chris and Berg-Kirkpatrick, Taylor},
  journal={arXiv preprint arXiv:1704.06970},
  year={2017}
}

@article{bengio2013estimating,
  title={Estimating or propagating gradients through stochastic neurons for conditional computation},
  author={Bengio, Yoshua and L{\'e}onard, Nicholas and Courville, Aaron},
  journal={arXiv preprint arXiv:1308.3432},
  year={2013}
}

@inproceedings{mostafazadeh2016corpus,
  title={A corpus and cloze evaluation for deeper understanding of commonsense stories},
  author={Mostafazadeh, Nasrin and Chambers, Nathanael and He, Xiaodong and Parikh, Devi and Batra, Dhruv and Vanderwende, Lucy and Kohli, Pushmeet and Allen, James},
  booktitle={Proceedings of the 2016 Conference of the North American Chapter of the Association for Computational Linguistics: Human Language Technologies},
  pages={839--849},
  year={2016}
}

@article{chip2019evaluation,
author = {Huyen, Chip},
title = {Evaluation Metrics for Language Modeling},
journal = {The Gradient},
year = {2019},
howpublished = {\url{https://thegradient.pub/understanding-evaluation-metrics-for-language-models/ } },
}

@inproceedings{papineni2002bleu,
  title={Bleu: a method for automatic evaluation of machine translation},
  author={Papineni, Kishore and Roukos, Salim and Ward, Todd and Zhu, Wei-Jing},
  booktitle={Proceedings of the 40th annual meeting of the Association for Computational Linguistics},
  pages={311--318},
  year={2002}
}

@article{li2015diversity,
  title={A diversity-promoting objective function for neural conversation models},
  author={Li, Jiwei and Galley, Michel and Brockett, Chris and Gao, Jianfeng and Dolan, Bill},
  journal={arXiv preprint arXiv:1510.03055},
  year={2015}
}

@article{sellam2020bleurt,
  title={BLEURT: Learning robust metrics for text generation},
  author={Sellam, Thibault and Das, Dipanjan and Parikh, Ankur P},
  journal={arXiv preprint arXiv:2004.04696},
  year={2020}
}

@inproceedings{lin2004rouge,
  title={Rouge: A package for automatic evaluation of summaries},
  author={Lin, Chin-Yew},
  booktitle={Text summarization branches out},
  pages={74--81},
  year={2004}
}

@article{zhang2019bertscore,
  title={Bertscore: Evaluating text generation with bert},
  author={Zhang, Tianyi and Kishore, Varsha and Wu, Felix and Weinberger, Kilian Q and Artzi, Yoav},
  journal={arXiv preprint arXiv:1904.09675},
  year={2019}
}

@inproceedings{wolf2020transformers,
    title = "Transformers: State-of-the-Art Natural Language Processing",
    author = "Thomas Wolf and Lysandre Debut and Victor Sanh and Julien Chaumond and Clement Delangue and Anthony Moi and Pierric Cistac and Tim Rault and RÃ©mi Louf and Morgan Funtowicz and Joe Davison and Sam Shleifer and Patrick von Platen and Clara Ma and Yacine Jernite and Julien Plu and Canwen Xu and Teven Le Scao and Sylvain Gugger and Mariama Drame and Quentin Lhoest and Alexander M. Rush",
    booktitle = "Proceedings of the 2020 Conference on Empirical Methods in Natural Language Processing: System Demonstrations",
    month = oct,
    year = "2020",
    address = "Online",
    publisher = "Association for Computational Linguistics",
    url = "https://www.aclweb.org/anthology/2020.emnlp-demos.6",
    pages = "38--45"
}

@article{holtzman2019curious,
  title={The curious case of neural text degeneration},
  author={Holtzman, Ari and Buys, Jan and Du, Li and Forbes, Maxwell and Choi, Yejin},
  journal={arXiv preprint arXiv:1904.09751},
  year={2019}
}

@inproceedings{zhu2015aligning,
  title={Aligning books and movies: Towards story-like visual explanations by watching movies and reading books},
  author={Zhu, Yukun and Kiros, Ryan and Zemel, Rich and Salakhutdinov, Ruslan and Urtasun, Raquel and Torralba, Antonio and Fidler, Sanja},
  booktitle={Proceedings of the IEEE international conference on computer vision},
  pages={19--27},
  year={2015}
}

@inproceedings{callison2006re,
  title={Re-evaluating the role of BLEU in machine translation research},
  author={Callison-Burch, Chris and Osborne, Miles and Koehn, Philipp},
  booktitle={11th Conference of the European Chapter of the Association for Computational Linguistics},
  year={2006}
}

@article{cifka2018bleu,
  title={Are BLEU and meaning representation in opposition?},
  author={C{\'\i}fka, Ond{\v{r}}ej and Bojar, Ond{\v{r}}ej},
  journal={arXiv preprint arXiv:1805.06536},
  year={2018}
}

@article{mathur2020tangled,
  title={Tangled up in BLEU: Reevaluating the evaluation of automatic machine translation evaluation metrics},
  author={Mathur, Nitika and Baldwin, Timothy and Cohn, Trevor},
  journal={arXiv preprint arXiv:2006.06264},
  year={2020}
}
